@article{halko2011finding,
  title={Finding structure with randomness: Probabilistic algorithms for constructing approximate matrix decompositions},
  author={Halko, Nathan and Martinsson, Per-Gunnar and Tropp, Joel A},
  journal={SIAM review},
  volume={53},
  number={2},
  pages={217--288},
  year={2011},
  publisher={SIAM}
}

@article{bruck1975iterative,
	title={An iterative solution of a variational inequality for certain monotone operators in Hilbert space},
	author={Bruck Jr, Ronald E},
	journal={Bulletin of the American Mathematical Society},
	volume={81},
	number={5},
	pages={890--892},
	year={1975}
}

@misc{nesterov2007gradient,
	title={Gradient methods for minimizing composite objective function},
	author={Nesterov, Yurii and others},
	year={2007},
	publisher={Core Louvain-la-Neuve}
}

@article{beck2009fast,
	title={A fast iterative shrinkage-thresholding algorithm for linear inverse problems},
	author={Beck, Amir and Teboulle, Marc},
	journal={SIAM journal on imaging sciences},
	volume={2},
	number={1},
	pages={183--202},
	year={2009},
	publisher={SIAM}
}

@book{hastie2015statistical,
	title={Statistical learning with sparsity},
	author={Hastie, Trevor and Tibshirani, Robert and Wainwright, Martin},
	year={2015},
	publisher={CRC press}
}

@article{mazumder2010spectral,
	title={Spectral regularization algorithms for learning large incomplete matrices},
	author={Mazumder, Rahul and Hastie, Trevor and Tibshirani, Robert},
	journal={Journal of machine learning research},
	volume={11},
	number={Aug},
	pages={2287--2322},
	year={2010}
}

@inproceedings{oh2015fast,
	title={Fast randomized singular value thresholding for nuclear norm minimization},
	author={Oh, Tae-Hyun and Matsushita, Yasuyuki and Tai, Yu-Wing and So Kweon, In},
	booktitle={Proceedings of the IEEE Conference on Computer Vision and Pattern Recognition},
	pages={4484--4493},
	year={2015}
}

@article{wong2015matrix,
	title={Matrix Completion with Noisy Entries and Outliers},
	author={Wong, Raymond KW and Lee, Thomas},
	journal={arXiv preprint arXiv:1503.00214},
	year={2015}
}